
@article{slegers_role_2022,
	title = {The role of ball backspin alignment and variability in basketball shooting accuracy},
	volume = {40},
	doi = {10.1080/02640414.2022.2080164},
	number = {12},
	journal = {Journal of Sports Sciences},
	author = {Slegers, Nathan and Love, Dave},
	year = {2022},
	pages = {1360--1368},
}
